@article{immunology2017,
  title={Single-cell genomics: approaches and utility in immunology},
  author={Neu, Karlynn E and Tang, Qingming and Wilson, Patrick C and Khan, Aly A},
  journal={Trends in immunology},
  volume={38},
  number={2},
  pages={140--149},
  year={2017},
  publisher={Elsevier}
}

@article{best2019,
  title={Current best practices in single-cell RNA-seq analysis: a tutorial},
  author={Luecken, Malte D and Theis, Fabian J},
  journal={Molecular systems biology},
  volume={15},
  number={6},
  year={2019},
  publisher={John Wiley \& Sons, Ltd}
}

@article{integration2018,
  title={Efficient integration of heterogeneous single-cell transcriptomes using Scanorama},
  author={Hie, Brian and Bryson, Bryan and Berger, Bonnie},
  journal={Nature biotechnology},
  volume={37},
  number={6},
  pages={685},
  year={2019},
  publisher={Nature Publishing Group}
}

@article{cluster2018,
  title={Single cell clustering based on cell-pair differentiability correlation and variance analysis},
  author={Jiang, Hao and Sohn, Lydia L and Huang, Haiyan and Chen, Luonan},
  journal={Bioinformatics},
  volume={34},
  number={21},
  pages={3684--3694},
  year={2018},
  publisher={Oxford University Press}
}

@article{gen2018,
  title={Deep generative modeling for single-cell transcriptomics},
  author={Lopez, Romain and Regier, Jeffrey and Cole, Michael B and Jordan, Michael I and Yosef, Nir},
  journal={Nature methods},
  volume={15},
  number={12},
  pages={1053},
  year={2018},
  publisher={Nature Publishing Group}
}

@article{ode2017,
  title={SCODE: an efficient regulatory network inference algorithm from single-cell RNA-Seq during differentiation},
  author={Matsumoto, Hirotaka and Kiryu, Hisanori and Furusawa, Chikara and Ko, Minoru SH and Ko, Shigeru BH and Gouda, Norio and Hayashi, Tetsutaro and Nikaido, Itoshi},
  journal={Bioinformatics},
  volume={33},
  number={15},
  pages={2314--2321},
  year={2017},
  publisher={Oxford University Press}
}

@article{model2019,
  title={Data Integration of Hybrid Microarray and Single Cell Expression Data to Enhance Gene Network Inference},
  author={Zhang, Wei and Li, Wenchao and Zhang, Jianming and Wang, Ning},
  journal={Current Bioinformatics},
  volume={14},
  number={3},
  pages={255--268},
  year={2019},
  publisher={Bentham Science Publishers}
}

@article{ode,
    author = {Matsumoto, Hirotaka and Kiryu, Hisanori and Furusawa, Chikara and Ko, Minoru S H and Ko, Shigeru B H and Gouda, Norio and Hayashi, Tetsutaro and Nikaido, Itoshi},
    title = "{SCODE: an efficient regulatory network inference algorithm from single-cell RNA-Seq during differentiation}",
    journal = {Bioinformatics},
    volume = {33},
    number = {15},
    pages = {2314-2321},
    year = {2017},
    month = {04},
    issn = {1367-4803},
    doi = {10.1093/bioinformatics/btx194},
    url = {https://doi.org/10.1093/bioinformatics/btx194},
    eprint = {http://oup.prod.sis.lan/bioinformatics/article-pdf/33/15/2314/25158052/btx194.pdf},
}




%%%%%%%%%%%%%%%%%%%%%%%%%%%%
% Datasets
%%%%%%%%%%%%%%%%%%%%%%%%%%%%

@article{cortex2015,
  title={Cell types in the mouse cortex and hippocampus revealed by single-cell RNA-seq},
  author={Zeisel, Amit and Mu{\~n}oz-Manchado, Ana B and Codeluppi, Simone and L{\"o}nnerberg, Peter and La Manno, Gioele and Jur{\'e}us, Anna and Marques, Sueli and Munguba, Hermany and He, Liqun and Betsholtz, Christer and others},
  journal={Science},
  volume={347},
  number={6226},
  pages={1138--1142},
  year={2015},
  publisher={American Association for the Advancement of Science}
}

@misc{x10,
  title={10x Genomics},
  howpublished={https://support.10xgenomics.com/single-cell-gene-expression/datasets},
  year={2017}
}

% scvi

@article{scvi2,
  title={Harmonization and Annotation of Single-cell Transcriptomics data with Deep Generative Models},
  author={Xu, Chenling and Lopez, Romain and Mehlman, Edouard and Regier, Jeffrey and Jordan, Michael I and Yosef, Nir},
  year={2019},
  publisher={bioRxiv}
}

@article{scvi3,
  title={A Joint Model of RNA Expression and Surface Protein Abundance in Single Cells},
  author={Gayoso, Adam and Lopez, Romain and Steier, Zo{\"e} and Regier, Jeffrey and Streets, Aaron and Yosef, Nir},
  journal={bioRxiv},
  pages={791947},
  year={2019},
  publisher={Cold Spring Harbor Laboratory}
}

@article{scvi4,
  title={Detecting Zero-Inflated Genes in Single-Cell Transcriptomics Data},
  author={Clivio, Oscar and Lopez, Romain and Regier, Jeffrey and Gayoso, Adam and Jordan, Michael I and Yosef, Nir},
  journal={bioRxiv},
  pages={794875},
  year={2019},
  publisher={Cold Spring Harbor Laboratory}
}

@article{scvi5,
  title={Deep Generative Models for Detecting Differential Expression in Single Cells},
  author={Boyeau, Pierre and Lopez, Romain and Regier, Jeffrey and Gayoso, Adam and Jordan, Michael I and Yosef, Nir},
  journal={bioRxiv},
  pages={794289},
  year={2019},
  publisher={Cold Spring Harbor Laboratory}
}

%smFISH
@article{smfish,
  title={Spatial organization of the somatosensory cortex revealed by osmFISH},
  author={Codeluppi, Simone and Borm, Lars E and Zeisel, Amit and La Manno, Gioele and van Lunteren, Josina A and Svensson, Camilla I and Linnarsson, Sten},
  journal={Nature methods},
  volume={15},
  number={11},
  pages={932},
  year={2018},
  publisher={Nature Publishing Group}
}

% Hemato
@article{hemato,
  title={Population snapshots predict early haematopoietic and erythroid hierarchies},
  author={Tusi, Betsabeh Khoramian and Wolock, Samuel L and Weinreb, Caleb and Hwang, Yung and Hidalgo, Daniel and Zilionis, Rapolas and Waisman, Ari and Huh, Jun R and Klein, Allon M and Socolovsky, Merav},
  journal={Nature},
  volume={555},
  number={7694},
  pages={54},
  year={2018},
  publisher={Nature Publishing Group}
}